@article{bokhari2020,
    author = "Farasat A.S. Bokhari and Weijie Yan",
    title = "{Product line extensions under the threat of entry: evidence from the UK pharmaceuticals market}",
    year = 2020,
    note = "Working paper",
    DOI = "https://dx.doi.org/10.2139/ssrn.3675109"
}


@article{brown2003,
    author = "Daniel G. Brown",
    title = "{Recent developments in US law: Remedies and damages for improper patent listings in the FDA’s Orange Book}",
    journal = "Journal of Commercial Biotechnology",
    volume = "9",
    number = "3",
    pages = "199--208",
    year = "2003",
    url = "https://link.springer.com/article/10.1057/palgrave.jcb.3040029#citeas"
}

@article{caves1991,
    author = "Richard E. Caves and Michael D. Whinston and Mark A. Hurwitz",
    title = "{Patent Expiration, Entry, and Competition in the U.S. Pharmaceutical Industry}",
    journal = "Brookings Papers on Economic Activity",
    volume = "22",
    pages = "1--66",
    year = "1991",
    url = "https://ideas.repec.org/a/bin/bpeajo/v22y1991i1991-3p1-66.html"
}

@article{cookson2018,
    author = "J. Anthony Cookson",
    title = "{Anticipated Entry and Entry Deterrence: Evidence from the American Casino Industry}",
    journal = "Management Science",
    volume = "6",
    number = "3",
    pages = "2325--2344",
    year = "2018",
    DOI = "https://doi.org/10.1287/mnsc.2017.2730"
}

@article{ellison2011,
    author = "Glenn Ellison and Sara Fisher Ellison",
    title = "{Strategic Entry Deterrence and the Behavior of Pharmaceutical Incumbents Prior to Patent Expiration}",
    journal = "American Economic Journal: Microeconomics",
    volume = "3",
    number = "1",
    pages = "1--36",
    year = "2011",
    url = "https://www.aeaweb.org/articles?id=10.1257/mic.3.1.1"
}

@article{berndt2007,
    author = "Ernst R. Berndt and Richard Mortimer and Ashoke Bhattacharjya and Andrew Parece and Edward Tuttle",
    title = "{Authorized Generic Drugs, Price Competition, And Consumers’ Welfare}",
    journal = "Health Affairs",
    volume = "26",
    number = "3",
    pages = "790--799",
    year = "2007",
    DOI = "https://doi.org/10.1377/hlthaff.26.3.790"
}

@techreport{ftc2002,
    author = "Susan Desanti and Michael Wroblewski and Matthew Bye and Suzanne Michel and Christina Sarris and Joel Schrag and Natalie Rosenfelt and Nicole Gorham and Paula Katz and Dorice Yoo",
    title = "{Generic Drug Entry Prior to Patent Expiration: An FTC Study}",
    institution = "Federal Trade Commission",
    year = "2002",
    type = "Report",
    url = "https://www.ftc.gov/sites/default/files/documents/reports/generic-drug-entry-prior-patent-expiration-ftc-study/genericdrugstudy_0.pdf"
}

@techreport{fda2020,
    title = "{The Listing of Patent Information in the Orange Book}",
    institution = "The Food and Drug Administration",
    type = "Report to congress",
    year = "2020",
    url = "https://www.fda.gov/media/155200/download"
}

@techreport{ftc2021,
    author = "Markus H. Meier and Bradley S. Albert and Kara Monahan",
    title = "{Overview of FTC Actions in Pharmaceutical Products and Distribution}",
    institution = "Federal Trade Commission",
    year = "2021",
    type = "Report",
    url = "https://www.ftc.gov/system/files/attachments/competition-policy-guidance/overview_of_ftc_actions_in_pharmaceutical_products_and_distribution.pdf"
}

@techreport{ftc2024,
    author = "Bradley S. Albert and Kara Monahan and Lauren Peay",
    title = "{Overview of FTC Actions in Pharmaceutical Products and Distribution}",
    institution = "Federal Trade Commission",
    year = "2021",
    type = "Report",
    url = "https://www.ftc.gov/system/files/ftc_gov/pdf/Overview-Pharma.pdf"
}

@article{woodcock2016,
    author = "Ramsi A. Woodcock",
    title = "{Product Innovation in a Model of Settlements of Drug Patent Litigation}",
    year = "2016",
    DOI = "https://dx.doi.org/10.2139/ssrn.2702474",
    note = "Working paper"
}

@article{kannapan2021,
    author = "Sunand Kannapan and Jonathan J. Darrow and Aaron S. Kesselheim and Reed F. Beall",
    title = "{The timing of 30-month stay expirations and generic entry: A cohort study of first generics, 2013–2020}",
    journal = "Clinical and Translational Science",
    volume = "14",
    number = "5",
    year = "2021",
    DOI = "https://doi.org/10.1111/cts.13046"
}